<record><leader>00000cas a22000007a 4500</leader><controlfield tag="001">10102465</controlfield><controlfield tag="008">831107d18811881ksuwr ne      0   a0eng d</controlfield><datafield ind1=" " ind2=" " tag="010"><subfield code="a">sn 83040929 </subfield></datafield><datafield ind1=" " ind2=" " tag="040"><subfield code="a">KSH</subfield><subfield code="b">eng</subfield><subfield code="c">KSH</subfield><subfield code="d">NPT</subfield><subfield code="d">OCLCQ</subfield></datafield><datafield ind1=" " ind2=" " tag="042"><subfield code="a">msc</subfield></datafield><datafield ind1=" " ind2=" " tag="043"><subfield code="a">n-us-ks</subfield></datafield><datafield ind1="0" ind2="4" tag="245"><subfield code="a">The Clay County times.</subfield></datafield><datafield ind1=" " ind2=" " tag="260"><subfield code="a">Clay Center, Kan. :</subfield><subfield code="b">F. Cunningham,</subfield><subfield code="c">1881-</subfield></datafield><datafield ind1=" " ind2=" " tag="300"><subfield code="a">v. :</subfield><subfield code="b">ill. (chiefly advertisements) ;</subfield><subfield code="c">64 cm.</subfield></datafield><datafield ind1=" " ind2=" " tag="310"><subfield code="a">Weekly</subfield></datafield><datafield ind1="0" ind2=" " tag="362"><subfield code="a">Vol. 1, no. 2 (Apr. 21, 1881)-</subfield></datafield><datafield ind1="1" ind2=" " tag="362"><subfield code="a">Ceased in Sept. 1881.</subfield></datafield><datafield ind1=" " ind2=" " tag="500"><subfield code="a">Editor: F. Cunningham.</subfield></datafield><datafield ind1="1" ind2=" " tag="700"><subfield code="a">Cunningham, F.</subfield><subfield code="q">(Fieldon Bradford)</subfield></datafield><datafield ind1=" " ind2=" " tag="752"><subfield code="a">United States</subfield><subfield code="b">Kansas</subfield><subfield code="c">Clay</subfield><subfield code="d">Clay Center.</subfield></datafield><datafield ind1="0" ind2="4" tag="780"><subfield code="t">Localist</subfield><subfield code="w">(DLC)sn 83040928</subfield></datafield><datafield ind1="0" ind2="4" tag="780"><subfield code="t">Democrat (Clay Center, Kan.)</subfield><subfield code="w">(DLC)sn 83040917</subfield></datafield><datafield ind1="0" ind2="0" tag="785"><subfield code="t">Times (Clay Center, Kan. : 1881)</subfield><subfield code="w">(DLC)sn 83040914</subfield></datafield><datafield ind1="1" ind2=" " tag="029"><subfield code="a">AU@</subfield><subfield code="b">000025806134</subfield></datafield></record>